% Citations
@MISC{sched,
  author = {{Dvision of Information Technology -- Stony Brook University}},
  title = {{Schedule Builder}},
  howpublished = {\url{https://it.stonybrook.edu/services/schedule-builder}},
  year = {2016},
  publisher = "Stony Brook University",
  urldate = {2024-Mar-11},
  note = {\MakeUppercase {accessed}: Mar-11-2024},
}

@MISC{class,
  author = {{Center for Excellence in Learning and Teaching -- Stony Brook University}},
  title = {{Course Evaluation}},
  howpublished = {\url{https://www.stonybrook.edu/celt/teaching-resources/academic-assessment/course-evaluations.php}},
  year = {2022},
  publisher = "Stony Brook University",
  urldate = {2024-Mar-11},
  note = {\MakeUppercase {accessed}: Mar-11-2024},
}

